@IEEEtranBSTCTL{bstctl:etal,
  CTLuse_forced_etal = {yes},
  CTLmax_names_forced_etal = {3},
}

@IEEEtranBSTCTL{bstctl:nodash,
  CTLdash_repeated_names = {no},
}

@IEEEtranBSTCTL{bstctl:simpurl,
  CTLname_url_prefix = {Available: },
}

@inbook{IPCC,
   author = {Cubasch, U. and Wuebbles, D. and Chen, D. and Facchini, M.C. and Frame, D. and Mahowald, N. and Winther, J.-G.},
   title = {Introduction},
   booktitle = {Climate Change 2013: The Physical Science Basis. Contribution of Working Group I to the Fifth Assessment Report of the Intergovernmental Panel on Climate Change},
   editor = {Stocker, T.F. and Qin, D. and Plattner, G.-K. and Tignor, M. and Allen, S.K. and Boschung, J. and Nauels, A. and Xia, Y. and Bex, V. and Midgley, P.M.},
   publisher = {Cambridge University Press},
   address = {Cambridge, United Kingdom and New York, NY, USA},
   chapter = {1},
   pages = {119â€“158},
   ISBN = {ISBN 978-1-107-66182-0},
   DOI = {10.1017/CBO9781107415324.007},
   url = {www.climatechange2013.org},
   year = {2013},
   type = {Book Section}
}

@inproceedings{Pierce:2012:LEI:2317956.2318050,
 author = {Pierce, James and Paulos, Eric},
 title = {The Local Energy Indicator: Designing for Wind and Solar Energy Systems in the Home},
 booktitle = {Proceedings of the Designing Interactive Systems Conference},
 series = {DIS '12},
 year = {2012},
 isbn = {978-1-4503-1210-3},
 location = {Newcastle Upon Tyne, United Kingdom},
 pages = {631--634},
 numpages = {4},
 url = {http://doi.acm.org/10.1145/2317956.2318050},
 doi = {10.1145/2317956.2318050},
 acmid = {2318050},
 publisher = {ACM},
 address = {New York, NY, USA},
 keywords = {design, energy, local energy, sustainability},
} 


@misc{USEIA,
 author = {{US Energy Information Administration}},
 title = {Monthly Energy Review},
 month = {September},
 year = {2015}
 }

