@IEEEtranBSTCTL{bstctl:etal,
  CTLuse_forced_etal = {yes},
  CTLmax_names_forced_etal = {3},
}

@IEEEtranBSTCTL{bstctl:nodash,
  CTLdash_repeated_names = {no},
}

@IEEEtranBSTCTL{bstctl:simpurl,
  CTLname_url_prefix = {Available: },
}

@online{Sunroof,
  author = {{Google}},
  title = {{Project Sunroof About Page}},
  year = {2015},
  url = {https://www.google.com/get/sunroof/about/}
}

@book{lamport94,
    author    = "Leslie Lamport",
    title     = "{\LaTeX: A Document Preparation System}",
    year      = "1994",
    publisher = "Addison-Wesley",
    edition = "2nd",
    address   = "Reading, Massachusetts"
}

@inproceedings{nicepaper,
  author = "Firstname1 Lastname1 and Firstname2 Lastname2",
  title = "A Very Nice Paper To Cite",
  year = "2000",
  booktitle = "International Symposium on Computer Architecture"
}

@inproceedings{nicepaper,
  author = "Firstname1 Lastname1 and Firstname2 Lastname2",
  title = "A Very Nice Paper To Cite",
  year = "2000",
  booktitle = "International Symposium on Computer Architecture"
}

@inproceedings{Speyer,
  author = "Emily Speyer",
  title = "Solar Source: A Mobile Rooftop Survey Application to Evaluate Solar Potential",
  year = "2015",
  location = "Princeton, NJ",
  publisher = "Princeton University",
  booktitle = "COS Independent Work Final Report",
  month = "January"
}

@inproceedings{Magana,
  author = "Gregory Magana",
  title = "Solar Source: A Mobile Application for Determining Solar Energy Feasibility",
  year = "2015",
  location = "Princeton, NJ",
  publisher = "Princeton University",
  booktitle = "COS Independent Work Final Report",
  month = "January"
}

@inproceedings{nicepaper2,
  author = "Firstname1 Lastname1 and Firstname2 Lastname2",
  title = "Another Very Nice Paper To Cite",
  year = "2001",
  booktitle = "International Symposium on Computer Architecture"
}

@inproceedings{Iyengar:2014:SCB:2674061.2674071,
 author = {Iyengar, Srinivasan and Sharma, Navin and Irwin, David and Shenoy, Prashant and Ramamritham, Krithi},
 title = {SolarCast: A Cloud-based Black Box Solar Predictor for Smart Homes},
 booktitle = {Proceedings of the 1st ACM Conference on Embedded Systems for Energy-Efficient Buildings},
 series = {BuildSys '14},
 year = {2014},
 isbn = {978-1-4503-3144-9},
 location = {Memphis, Tennessee},
 pages = {40--49},
 numpages = {10},
 url = {http://doi.acm.org/10.1145/2674061.2674071},
 doi = {10.1145/2674061.2674071},
 acmid = {2674071},
 publisher = {ACM},
 address = {New York, NY, USA},
 keywords = {electricity, energy, grid},
}

@inproceedings{Kjeldskov:2015:EDE:2702123.2702318,
 author = {Kjeldskov, Jesper and Skov, Mikael B. and Paay, Jeni and Lund, Dennis and Madsen, Tue and Nielsen, Michael},
 title = {Eco-Forecasting for Domestic Electricity Use},
 booktitle = {Proceedings of the 33rd Annual ACM Conference on Human Factors in Computing Systems},
 series = {CHI '15},
 year = {2015},
 isbn = {978-1-4503-3145-6},
 location = {Seoul, Republic of Korea},
 pages = {1985--1988},
 numpages = {4},
 url = {http://doi.acm.org/10.1145/2702123.2702318},
 doi = {10.1145/2702123.2702318},
 acmid = {2702318},
 publisher = {ACM},
 address = {New York, NY, USA},
 keywords = {domestic, energy consumption, forecasting, sustainability},
} 

@inbook{IPCC,
   author = {Cubasch, U. and Wuebbles, D. and Chen, D. and Facchini, M.C. and Frame, D. and Mahowald, N. and Winther, J.-G.},
   title = {Introduction},
   booktitle = {Climate Change 2013: The Physical Science Basis. Contribution of Working Group I to the Fifth Assessment Report of the Intergovernmental Panel on Climate Change},
   editor = {Stocker, T.F. and Qin, D. and Plattner, G.-K. and Tignor, M. and Allen, S.K. and Boschung, J. and Nauels, A. and Xia, Y. and Bex, V. and Midgley, P.M.},
   publisher = {Cambridge University Press},
   address = {Cambridge, United Kingdom and New York, NY, USA},
   chapter = {1},
   pages = {119â€“158},
   ISBN = {ISBN 978-1-107-66182-0},
   DOI = {10.1017/CBO9781107415324.007},
   url = {www.climatechange2013.org},
   year = {2013},
   type = {Book Section}
}

@inproceedings{Pierce:2012:LEI:2317956.2318050,
 author = {Pierce, James and Paulos, Eric},
 title = {The Local Energy Indicator: Designing for Wind and Solar Energy Systems in the Home},
 booktitle = {Proceedings of the Designing Interactive Systems Conference},
 series = {DIS '12},
 year = {2012},
 isbn = {978-1-4503-1210-3},
 location = {Newcastle Upon Tyne, United Kingdom},
 pages = {631--634},
 numpages = {4},
 url = {http://doi.acm.org/10.1145/2317956.2318050},
 doi = {10.1145/2317956.2318050},
 acmid = {2318050},
 publisher = {ACM},
 address = {New York, NY, USA},
 keywords = {design, energy, local energy, sustainability},
} 

@article{Wiginton2010345,
title = "Quantifying rooftop solar photovoltaic potential for regional renewable energy policy ",
journal = "Computers, Environment and Urban Systems ",
volume = "34",
number = "4",
pages = "345 - 357",
year = "2010",
note = "Geospatial Cyberinfrastructure ",
issn = "0198-9715",
doi = "http://dx.doi.org/10.1016/j.compenvurbsys.2010.01.001",
url = "http://www.sciencedirect.com/science/article/pii/S0198971510000025",
author = "L.K. Wiginton and H.T. Nguyen and J.M. Pearce",
keywords = "GIS",
keywords = "Roof area",
keywords = "Feature analyst",
keywords = "Renewable energy",
keywords = "Solar photovoltaic",
keywords = "Sustainable future "
}

@inproceedings{Bobovych:2015:SHE:2737095.2737110,
 author = {Bobovych, Stanislav and Banerjee, Nilanjan and Robucci, Ryan and Parkerson, James P. and Schmandt, Jackson and Patel, Chintan},
 title = {SunaPlayer: High-accuracy Emulation of Solar Cells},
 booktitle = {Proceedings of the 14th International Conference on Information Processing in Sensor Networks},
 series = {IPSN '15},
 year = {2015},
 isbn = {978-1-4503-3475-4},
 location = {Seattle, Washington},
 pages = {59--70},
 numpages = {12},
 url = {http://doi.acm.org/10.1145/2737095.2737110},
 doi = {10.1145/2737095.2737110},
 acmid = {2737110},
 publisher = {ACM},
 address = {New York, NY, USA},
 keywords = {PNP darlington, emulation, hardware implementation, solar panel},
} 


@misc{USEIA,
  author = {{US Energy Information Administration}},
  title = {Monthly Energy Review},
  month = {September},
  year = {2015}
}

@misc{Prospector,
  author = {{National Renewable Energy Laboratory}},
  url = {http://maps.nrel.gov/prospector},
}

@misc{SAM,
  author = {National Renewable Energy Laboratory},
  title = {{Welcome to SAM}},
  url = {https://sam.nrel.gov/}
}

@misc{Enlighten,
  author = {{Enphase}},
  title = {{The Enlighten Systems API}},
  year = {2016},
  url = {https://developer.enphase.com/docs}
}


